% Fundamentals
% Security models
@article{Harrison75a,
author = {Michael A. Harrison and Walter L. Ruzzo and Jeffrey D. Ullman},
title = "{On Protection in Operating Systems}",
journal = "{Operating Systems Review, special issue for the 5th Symposium on Operating Systems Principles}",
year = {1975},
month =	 nov
}
@article{Sandhu96,
author = {Ravi S. Sandhu and Edward J. Coyne and Hal L. Feinstein and Charles E. Youman},
title = "{Role-Based Access Control Models}",
journal = {IEEE Computer},
year = {1996},
pages = {38-47}
}
@book{Poelck14,
author = {Anja Pölck},
title = "{Small TCBs of Policy-controlled Operating Systems}",
school = {Technische Universität Ilmenau},
publisher = {TU Ilmenau Universitätsbibliothek},
year = {2014},
type = {Dissertation},
ISBN = {978-3863600907}
}
@article{Lampson74,
 author = {Lampson, Butler W.},
 title = {Protection},
 journal = {SIGOPS Oper. Syst. Rev.},
 issue_date = {January 1974},
 volume = {8},
 number = {1},
 month = jan,
 year = {1974},
 issn = {0163-5980},
 pages = {18--24},
 numpages = {7},
 url = {http://doi.acm.org/10.1145/775265.775268},
 doi = {10.1145/775265.775268},
 acmid = {775268},
 publisher = {ACM},
 address = {New York, NY, USA},
}
@book{Kittler15,
author = {Fabian Kittler},
title = "{Design of a Core-based Specification Language for dynamic RBAC Policies}",
type = {Masterarbeit},
school = {Technische Universität Ilmenau},
year = {2015}
}
% DRBAC
@phdthesis{Schlegel13,
  title        = "Symbolische Ausführung dynamischer RBAC-
Zugriffsteuerungsmodelle",
  author       = "Marius Schlegel",
  year         = "2013",
  type         = "Bachelor's Thesis",
  school       = "Technische Universität Ilmenau",
}
% RBAC
@misc{RBACNIST,
author = {{Computer Security Resource Center}},
title = {Role Based Access Control},
year = {2016}, 
howpublished = "\url{https://csrc.nist.gov/Projects/Role-Based-Access-Control}",
note = "[Online; accessed June 13, 2018]"
}
% AOSE
@phdthesis{Amthor18,
	type = {Dissertation},
	title = {An Aspect-oriented Approach to Model-based Security Engineering},
	school = {Technische Universität Ilmenau},
	author = {Peter Amthor},
	year = {2018}
}



% Graphical notation systems
% UML
@misc{UML_OMG,
	author = "{The Object Management Group}",
	title = {Unified Modeling Language Specification Version 2.5},
	howpublished = "\url{https://www.omg.org/spec/UML/2.5/}",
	year = {2015}, 
	note = "[Online; accessed 07-June-2018]"
}
@misc{UML_ISO,
	author = "{International Organization for Standardization}",
	title = "{ISO/IEC 19501:2005 (OMG-UML version 1.3)}",
	howpublished = "\url{https://www.iso.org/standard/32620.html}",
	year = {2005}, 
	note = "[Online; accessed 13-June-2018]"
}
% ERD
@book{Kleuker11,
author = {Stephan Kleuker},
title = "{Grundkurs Datenbankentwicklung}",
publisher = {Vieweg+Teubner},
year = {2011},
ISBN = {978-3-8348-1481-4}
}



% Kognitionspsychologie
@book{Goeckel01a,
author = {Hellmuth Metz-Göckel},
title = "{Allgemeine Psychologie 1: Kognitionspsychologie (lecture)}",
institution = {Universität Dortmund},
publisher = {Universität Dortmund},
type = {lecture script},
year = {2001}
}
@Book{Heinecke04a,
author = {Andreas M. Heinecke},
title = "{Mensch-Computer-Interaktion: Basiswissen für Entwickler und Gestalter}",
publisher = {Springer-Verlag Berlin Heidelberg},
year = {2004},
ISBN = {978-3-642-13506-4}
}
@Book{Sternberg,
author= {Robert J. Sternberg and Karin Sternberg},
title = "{Cognitive Psychology}",
publisher = {Wadsworth Pub Co},
year = {2016},
ISBN = {978-1305644656}
}
@misc{Zeckzer14a,
author = {Dirk Zeckzer},
title = "{Informationsvisualisierung (lecture)}",
type = {Vorlesungsfolien},
institution = {Universität Leipzig},
publisher = {Universität Leipzig},
year = {2014},
url = {http://www.informatik.uni-leipzig.de/bsv/homepage/de/teaching/	vorlesung-informationsvisualisierung-ws-20142015},
	note = "[Online; accessed 19-June-2018]"
}
@Book{Ware04a,
author = {Colin Ware},
title = "{Information Visualization: Perception for Design}",
publisher = {Morgan Kaufmann Publishers},
year = {2004},
ISBN = {978-0123814647}
}



% GUI
@misc{CLI,
	author = "{Computer Hope}",
	title = "{Command line vs. GUI}",
	howpublished = "\url{https://www.computerhope.com/issues/ch000619.htm}",
	year = {2017}, 
	note = "[Online; accessed 20-June-2018]"
}
@Book{Shackel91a,
author = {Brian Shackel},
title = "{Human Factors for Informatics Usability}",
publisher = {Cambridge University Press},
year = {1991},
ISBN = {978-0521365703}
}
% eig: MastersThesis
@phdthesis{Reckling14,
author = {Stefan Reckling},
title = "{Grafische Benutzeroberflächen zur Entwicklung und Analyse von modellbasierten Sicherheitspolitiken mittels WorSE}",
type = {Master's thesis},
school = {Technische Universität Ilmenau},
year = {2014}
}
% eig: online
@misc{Folmer,
author = {Eelke Folmer},
title = "{Interaction Design Patterns}",
howpublished = "\url{https://www.interaction-design.org/encyclopedia/interaction_design_patterns.html}",
year = {2014},
note = "[Online; accessed 20-June-2018]"
}

@Book{Tidwell11,
author = {Jenifer Tidwell},
title = "{Designing interfaces}",
publisher = {O'Reilly},
year = {2011},
ISBN = {978-1449379704}
}

@Book{Servos15,
 author = {Servos, Daniel and Osborn, Sylvia L.},
 title = {Current Research and Open Problems in Attribute-Based Access Control},
 journal = {ACM Comput. Surv.},
 issue_date = {February 2017},
 volume = {49},
 number = {4},
 month = jan,
 year = {2017},
 issn = {0360-0300},
 pages = {65:1--65:45},
 articleno = {65},
 numpages = {45},
 url = {http://doi.acm.org/10.1145/3007204},
 doi = {10.1145/3007204},
 acmid = {3007204},
 publisher = {ACM},
 address = {New York, NY, USA},
 keywords = {ABAC models, Attribute-based access control (ABAC), access control, survey},
} 


