@phdthesis{Amthor18,

  Type = {Dissertation},
  Title = {An Aspect-oriented Approach to Model-based Security Engineering},
  Author = {Peter Amthor},
  School = {Technische Universit√§t Ilmenau},
  URL = {},
  Year = {2018},
} 